@inproceedings{blib, #DBLP:conf/aaai/GiacomoMM14,
  author    = {Giuseppe {De Giacomo} and
               Riccardo De Masellis and
               Marco Montali},
  title     = {Reasoning on {LTL} on Finite Traces: Insensitivity to Infiniteness},
  booktitle = {Proceedings of the Twenty-Eighth {AAAI} Conference on Artificial Intelligence,
               July 27 -31, 2014, Qu{\'{e}}bec City, Qu{\'{e}}bec, Canada.},
  pages     = {1027--1033},
  year      = {2014},
  crossref  = {DBLP:conf/aaai/2014},
  url       = {http://www.aaai.org/ocs/index.php/AAAI/AAAI14/paper/view/8575},
  timestamp = {Thu, 31 Jul 2014 09:00:19 +0200},
  biburl    = {http://dblp.uni-trier.de/rec/bib/conf/aaai/GiacomoMM14},
  bibsource = {dblp computer science bibliography, http://dblp.org}
}

@proceedings{DBLP:conf/aaai/2014,
  editor    = {Carla E. Brodley and
               Peter Stone},
  title     = {Proceedings of the Twenty-Eighth {AAAI} Conference on Artificial Intelligence,
               July 27 -31, 2014, Qu{\'{e}}bec City, Qu{\'{e}}bec, Canada},
  publisher = {{AAAI} Press},
  year      = {2014},
  url       = {http://www.aaai.org/Library/AAAI/aaai14contents.php},
  isbn      = {978-1-57735-661-5},
  timestamp = {Thu, 31 Jul 2014 08:59:54 +0200},
  biburl    = {http://dblp.uni-trier.de/rec/bib/conf/aaai/2014},
  bibsource = {dblp computer science bibliography, http://dblp.org}
}